% TODO TODO TODO

@misc{Kyverno,
  author       = {Kyverno},
  howpublished = {\url{https://github.com/kyverno/kyverno/}},
  title        = {Kyverno introduction}
}

% TODO TODO TODO

% https://scholar.google.hu/scholar?q=Implementing+Domain+Specific+Languages+with+Xtext+and+Xtend
% https://scholar.google.hu/scholar?q=EMF:%20Eclipse%20Modeling%20Framework,%202nd%20Edition%20Dave%20Steinberg,%20Frank%20Budinsky,%20Marcelo%20Paternostro,%20Ed%20Merks

% https://www.google.com/url?sa=t&rct=j&q=&esrc=s&source=web&cd=&ved=2ahUKEwit6ciPrMaCAxUt0wIHHT5tDZYQFnoECDEQAQ&url=https%3A%2F%2Fraw.githubusercontent.com%2Fkubernetes%2Fsig-security%2Fmain%2Fsig-security-docs%2Fpapers%2Fpolicy%2FCNCF_Kubernetes_Policy_Management_WhitePaper_v1.pdf&usg=AOvVaw1yBYWeg2UrCG3sGFSGwteo&opi=89978449